@article{yang2008regression,
	title={A regression approach to music emotion recognition},
	author={Yang, Yi-Hsuan and Lin, Yu-Ching and Su, Ya-Fan and Chen, Homer H},
	journal={IEEE Transactions on audio, speech, and language processing},
	volume={16},
	number={2},
	pages={448--457},
	year={2008},
	publisher={IEEE}
}